@article{Fortunato2010,
  author  = {Fortunato, S.},
  title   = {Community detection in graphs},
  journal = {Phys. Rep.-Rev. Sec. Phys. Lett.}, 
  volume  = {486},
  year    = {2010},
  pages   = {75-174}
}

@article{NewmanGirvan2004,
  author  = {Newman, M. E. J. and Girvan, M.},
  title   = {Finding and evaluating community structure in networks},
  journal = {Phys. Rev. E.}, 
  volume  = {69},
  year    = {2004},
  pages   = {026113}
}

@article{Vehlowetal2013,
  author  = {Vehlow, C. and Reinhardt, T. and Weiskopf, D.},
  title   = {Visualizing Fuzzy Overlapping Communities in Networks},
  journal = {IEEE Trans. Vis. Comput. Graph.}, 
  volume  = {19},
  year    = {2013},
  pages   = {2486-2495}
}

@article{Raghavanetal2007,
  author  = {Raghavan, U. and Albert, R. and Kumara, S.},
  title   = {Near linear time algorithm to detect community structures in large-scale networks},
  journal = {Phys. Rev E.}, 
  volume  = {76},
  year    = {2007},
  pages   = {036106}
}

@article{SubeljBajec2011a,
  author  = {\v{S}ubelj, L. and Bajec, M.},
  title   = {Robust network community detection using balanced propagation},
  journal = {Eur. Phys. J. B.}, 
  volume  = {81},
  year    = {2011},
  pages   = {353-362}
}

@article{Louetal2013,
  author  = {Lou, H. and Li, S. and Zhao, Y.},
  title   = {Detecting community structure using label propagation with weighted coherent neighborhood propinquity},
  journal = {Physica A.}, 
  volume  = {392},
  year    = {2013},
  pages   = {3095-3105}
}

@article{Clausetetal2004,
  author  = {Clauset, A. and Newman, M. E. J. and Moore, C.},
  title   = {Finding community structure in very large networks},
  journal = {Phys. Rev. E.}, 
  volume  = {70},
  year    = {2004},
  pages   = {066111}
}

@article{Blondeletal2008,
  author  = {Blondel, V. D. and Guillaume, J. L. and Lambiotte, R. and Lefebvre, E.},
  title   = {Fast unfolding of communities in large networks},
  journal = {J. Stat. Mech.-Theory Exp.}, 
  volume  = {2008},
  year    = {2008},
  pages   = {P10008}
}

@article{SobolevskyCampari2014,
  author  = {Sobolevsky, S. and Campari, R.},
  title   = {General optimization technique for high-quality community detection in complex networks},
  journal = {Phys. Rev. E.}, 
  volume  = {90},
  year    = {2014},
  pages   = {012811}
}

@article{FortunatoBarthelemy2007,
  author  = {Fortunato, S. and Barthelemy, M.},
  title   = {Resolution limit in community detection},
  journal = {Proc. Natl. Acad. Sci. U. S. A.}, 
  volume  = {104},
  year    = {2007},
  pages   = {36-41}
}

@article{SubeljBajec2011b,
  author  = {\v{S}ubelj, L. and Bajec, M.},
  title   = {Unfolding communities in large complex networks: Combining defensive and offensive label propagation for core extraction},
  journal = {Phys. Rev. E.}, 
  volume  = {83},
  year    = {2011},
  pages   = {036103}
}

@article{WangLi2013,
  author  = {Wang, X. and Li, J.},
  title   = {Detecting communities by the core-vertex and intimate degree in complex networks},
  journal = {Physica A.}, 
  volume  = {392},
  year    = {2013},
  pages   = {2555-2563}
}

@article{Lietal2013,
  author  = {Li, J. and Wang, X. and Eustace, J.},
  title   = {Detecting overlapping communities by seed community in weighted complex networks},
  journal = {Physica A.}, 
  volume  = {392},
  year    = {2013},
  pages   = {6125-6134}
}

@article{Fabioetal2013,
  author  = {Fabio, D. R. and Fabio, D. and Carlo, P.},
  title   = {Profiling core-periphery network structure by random walkers},
  journal = {Sci. Rep.}, 
  volume  = {3},
  year    = {2013},
  pages   = {1467}
}

@article{Chenetal2013,
  author  = {Chen, Q. and Wu, T. T. and Fang, M.},
  title   = {Detecting local community structure in complex networks based on local degree central nodes},
  journal = {Physica A.}, 
  volume  = {392},
  year    = {2013},
  pages   = {529-537}
}

@article{Zhangetal2007,
  author  = {Zhang, S. and Wang, R. and Zhang, X.},
  title   = {Identification of overlapping community structure in complex networks using fuzzy c-means clustering},
  journal = {Physica A.}, 
  volume  = {374},
  year    = {2007},
  pages   = {483-490}
}

@article{Nepuszetal2008,
  author  = {Nepusz, T. and Petr\'oczi, A. and N\'egyessy, L. and Bazs\'o, F.},
  title   = {Fuzzy communities and the concept of bridgeness in complex networks},
  journal = {Phys. Rev. E.}, 
  volume  = {77},
  year    = {2008},
  pages   = {016107}
}

@article{FabricioLiang2013,
  author  = {Fabricio, B. and Liang, Z.},
  title   = {Fuzzy community structure detection by particle competition and cooperation},
  journal = {Soft Comput.}, 
  volume  = {17},
  year    = {2013},
  pages   = {659-673}
}

@article{Sunetal2011,
  author  = {Sun, P. and Gao, L. and Han, S.},
  title   = {Identification of overlapping and non-overlapping community structure by fuzzy clustering in complex networks},
  journal = {Inf. Sci.}, 
  volume  = {181},
  year    = {2011},
  pages   = {1060-1071}
}

@article{Wangetal2013,
  author  = {Wang, W. and Liu, D. and Liu, X. and Pan, L.},
  title   = {Fuzzy overlapping community detection based on local random walk and multidimensional scaling},
  journal = {Physica A.}, 
  volume  = {392},
  year    = {2013},
  pages   = {6578-6586}
}

@article{Psorakisetal2011,
  author  = {Psorakis, I. and Roberts, S. and Ebden, M. and Sheldon, B.},
  title   = {Overlapping community detection using Bayesian non-negative matrix factorization},
  journal = {Phys. Rev. E.}, 
  volume  = {83},
  year    = {2011},
  pages   = {066114}
}

@CONFERENCE{ZhangYeung2012,
  author  = {Zhang, Y. and Yeung, D.},
  title   = {Overlapping Community Detection via Bounded Nonnegative Matrix Tri-Factorization},
  booktitle = {In Proc. ACM SIGKDD Conf.}, 
  year    = {2012},
  pages   = {606-614}
}

@article{Liu2010,
  author  = {Liu, J.},
  title   = {Fuzzy modularity and fuzzy community structure in networks},
  journal = {Eur. Phys. J. B.}, 
  volume  = {77},
  year    = {2010},
  pages   = {547-557}
}

@article{Havensetal2013,
  author  = {Havens, T. C. and Bezdek, J. C. and Leckie, C., Ramamohanarao, K. and Palaniswami, M.},
  title   = {A Soft Modularity Function For Detecting Fuzzy Communities in Social Networks},
  journal = {IEEE Trans. Fuzzy Syst.}, 
  volume  = {21},
  year    = {2013},
  pages   = {1170-1175}
}

@misc{Newman2013,
  author = {Newman, M. E. J.},
  title  = {Network data},
  howpublished = "\url{http://www-personal.umich.edu/~mejn/netdata/}",
  year = {2013}
}

@article{SubeljBajec2012,
  author  = {\v{S}ubelj, L. and Bajec, M.},
  title   = {Ubiquitousness of link-density and link-pattern communities in real-world networks},
  journal = {Eur. Phys. J. B.}, 
  volume  = {85},
  year    = {2012},
  pages   = {1-11}
}

@article{Lancichinettietal2008,
  author  = {Lancichinetti, A. and Fortunato, S. and Radicchi, F.},
  title   = {Benchmark graphs for testing community detection algorithms},
  journal = {Phys. Rev. E.}, 
  volume  = {78},
  year    = {2008},
  pages   = {046110}
}

@article{Liuetal2014,
  author  = {Liu, W. and Pellegrini, M. and Wang, X.},
  title   = {Detecting Communities Based on Network Topology},
  journal = {Sci. Rep.}, 
  volume  = {4},
  year    = {2014},
  pages   = {5739}
}

@article{Danonetal2005,
  author  = {Danon, L. and Diaz-Guilera, A. and Duch, J. and Arenas, A.},
  title   = {Comparing community structure identification},
  journal = {J. Stat. Mech.-Theory Exp.}, 
  volume  = {},
  year    = {2005},
  pages   = {P09008}
}

@article{Gregory2011,
  author  = {Gregory, S.},
  title   = {Fuzzy overlapping communities in networks},
  journal = {J. Stat. Mech.-Theory Exp.}, 
  volume  = {},
  year    = {2011},
  pages   = {P02017}
}

@article{LancichinettiFortunato2009,
  author  = {Lancichinetti, A. and Fortunato, S.},
  title   = {Benchmarks for testing community detection algorithms on directed and weighted graphs with overlapping communities},
  journal = {Phys. Rev. E.}, 
  volume  = {80},
  year    = {2009},
  pages   = {016118}
}

@conference{HullermeierRifqi2009,
  author  = {Hullermeier, E. and Rifqi, M.},
  title   = {A Fuzzy Variant of the Rand Index for Comparing Clustering Structures},
  booktitle = {in Proc. IFSA/EUSFLAT Conf.}, 
  year    = {2009},
  pages   = {1294-1298}
}

@article{Maruai2017,
  author = {Maruai, Nurshafinaz Mohd and {Mat Ali}, Mohamed Sukri and Ismail, Mohamad Hafiz and {Shaikh Salim}, Sheikh Ahmad Zaki},
  doi = {10.1177/1077546317707877},
  issn = {1077-5463},
  journal = {Journal of Vibration and Control},
  month = {May},
  pages = {107754631770787},
  title = {{Downstream flat plate as the flow-induced vibration enhancer for energy harvesting}},
  url = {http://journals.sagepub.com/doi/10.1177/1077546317707877},
  year = {2017}
}

@article{Maruai2018,
  author = {Maruai, N M and Ali, M S M and Ismail, M H and Zaki, S A},
  doi = {10.1016/j.jweia.2018.01.010},
  journal = {Journal of Wind Engineering and Industrial Aerodynamics},
  pages = {264--282},
  title = {{Flow-induced vibration of a square cylinder and downstream flat plate associated with micro-scale energy harvester}},
  url = {https://www.scopus.com/inward/record.uri?eid=2-s2.0-85042219159{\&}doi=10.1016{\%}2Fj.jweia.2018.01.010{\&}partnerID=40{\&}md5=2f3f62b94bb69ced3368b32e682aefc7},
  volume = {175},
  year = {2018}
}

@article{Kawabata2013,
  author = {Kawabata, Yusuke and Takahashi, Tsutomu and Haginoya, Takeshi and Shirakashi, Masataka},
  doi = {10.1299/jfst.8.348},
  file = {:C$\backslash$:/Users/alan{\_}/AppData/Local/Mendeley Ltd./Mendeley Desktop/Downloaded/Kawabata et al. - 2013 - Interference Effect of Downstream Strip-Plate on the Crossflow Vibration of a Square Cylinder.pdf:pdf},
  issn = {1880-5558},
  journal = {Journal of Fluid Science and Technology},
  number = {3},
  pages = {647--658},
  title = {{Interference Effect of Downstream Strip-Plate on the Crossflow Vibration of a Square Cylinder}},
  volume = {8},
  year = {2013}
}

@article{Koide2017,
  author = {Koide, Mizuyasu and Takahashi, Tsutomu and Shirakashi, Masataka and Salim, Sheikh Ahmad Zaki Bin Shaikh},
  journal = {Journal of Visualization},
  pages = {1--11},
  publisher = {Springer},
  title = {{Three-dimensional structure of longitudinal vortices shedding from cruciform two-cylinder systems with different geometries}},
  year = {2017}
}

@article{Deng2007,
  author = {Deng, J. and Ren, A.-L. and Shao, X.-M.},
  doi = {10.1016/J.JFLUIDSTRUCTS.2006.11.005},
  issn = {0889-9746},
  journal = {Journal of Fluids and Structures},
  month = {Jul},
  number = {5},
  pages = {715--731},
  publisher = {Academic Press},
  title = {{The flow between a stationary cylinder and a downstream elastic cylinder in cruciform arrangement}},
  url = {https://www.sciencedirect.com/science/article/pii/S0889974606001472},
  volume = {23},
  year = {2007}
}

@article{Koide2013,
  author = {Koide, Mizuyasu and Sekizaki, Takahiro and Yamada, Shuichi and Takahashi, Tsutomu and Shirakashi, Masataka},
  doi = {10.1299/jfst.8.294},
  issn = {1880-5558},
  journal = {Journal of Fluid Science and Technology},
  keywords = {Malaysia,VIV,flow induced vibration,hydroelectric power generation,river monitoring,trailing vortex,vortex,water flow},
  month = {Oct},
  number = {3},
  pages = {294--308},
  title = {{Prospect of Micro Power Generation Utilizing VIV in Small Stream Based on Verification Experiments of Power Generation in Water Tunnel}},
  url = {https://www.jstage.jst.go.jp/article/jfst/8/3/8{\_}294/{\_}article http://jlc.jst.go.jp/DN/JST.JSTAGE/jfst/8.294?lang=en{\&}from=CrossRef{\&}type=abstract},
  volume = {8},
  year = {2013}
}

@article{Nguyen2012,
  author = {Nguyen, T. and Koide, M. and Yamada, S. and Takahashi, T. and Shirakashi, M.},
  doi = {10.1016/j.jfluidstructs.2011.10.006},
  issn = {08899746},
  journal = {Journal of Fluids and Structures},
  keywords = {Cruciform cylinders,Flow induced vibration,Karman vortex,Longitudinal vortex,Vortex induced vibration (VIV)},
  pages = {40--55},
  title = {{Influence of mass and damping ratios on VIVs of a cylinder with a downstream counterpart in cruciform arrangement}},
  volume = {28},
  year = {2012}
}

@article{Ding2015a,
  author = {Ding, Lin and Zhang, Li and Kim, Eun Soo and Bernitsas, Michael M.},
  doi = {10.1016/j.jfluidstructs.2015.01.003},
  issn = {10958622},
  journal = {Journal of Fluids and Structures},
  keywords = {Flow induced motion,Galloping,Multiple cylinders,Passive turbulence control,Vortex induced vibration},
  pages = {612--628},
  title = {{URANS vs. experiments of flow induced motions of multiple circular cylinders with passive turbulence control}},
  volume = {54},
  year = {2015}
}

@article{Ding2015b,
  author = {Ding, Lin and Zhang, Li and Wu, Chunmei and Mao, Xinru and Jiang, Deyi},
  doi = {10.1016/j.enconman.2014.12.039},
  issn = {01968904},
  journal = {Energy Conversion and Management},
  keywords = {Bluff body,Cross section,Flow induced motion,Galloping,Hydrokinetic energy,Vortex induced vibrations},
  title = {{Flow induced motion and energy harvesting of bluff bodies with different cross sections}},
  year = {2015}
}

@inproceedings{Xu2017,
  author = {Xu, W and Ji, C and Sun, H and Ding, W and Bernitsas, M M},
  booktitle = {Proceedings of the International Conference on Offshore Mechanics and Arctic Engineering - OMAE},
  doi = {10.1115/OMAE2017-62693},
  keywords = {Review1},
  mendeley-tags = {Review1},
  title = {{Flow-induced vibration (FIV) and hydrokinetic power conversion of two staggered, low mass-ratio cylinders, with passive turbulence control in the TrSL3 flow regime (2.5×104{\textless}Re{\textless}1.2×105)}},
  url = {https://www.scopus.com/inward/record.uri?eid=2-s2.0-85032014937{\&}doi=10.1115{\%}2FOMAE2017-62693{\&}partnerID=40{\&}md5=53697e5a091f39f503803929f1b46bf5},
  volume = {10},
  year = {2017}
}
@inproceedings{Ding2017,
  author = {Ding, W and Sun, H and Xu, W and Bernitsas, M M},
  booktitle = {Proceedings of the International Conference on Offshore Mechanics and Arctic Engineering - OMAE},
  doi = {10.1115/OMAE2017-62271},
  title = {{Two tandem cylinders with turbulence stimulation in FIV power conversion: CFD with experimental verification of interaction}},
  url = {https://www.scopus.com/inward/record.uri?eid=2-s2.0-85032024173{\&}doi=10.1115{\%}2FOMAE2017-62271{\&}partnerID=40{\&}md5=409ba703a93beb879e4a1a62be1909f8},
  volume = {10},
  year = {2017}
}

@article{Zhang2018,
  author = {Zhang, B and Mao, Z and Song, B and Ding, W and Tian, W},
  doi = {10.1016/j.energy.2017.11.153},
  journal = {Energy},
  pages = {218--231},
  title = {{Numerical investigation on effect of damping-ratio and mass-ratio on energy harnessing of a square cylinder in FIM}},
  url = {https://www.scopus.com/inward/record.uri?eid=2-s2.0-85037995662{\&}doi=10.1016{\%}2Fj.energy.2017.11.153{\&}partnerID=40{\&}md5=01db7c6b6d4d44e88de7045843c7d423},
  volume = {144},
  year = {2018}
}

@article{Sun2016,
  author = {Sun, Hai and Kim, Eun Soo and Nowakowski, Gary and Mauer, Erik and Bernitsas, Michael M.},
  doi = {10.1016/j.renene.2016.07.024},
  issn = {09601481},
  journal = {Renewable Energy},
  pages = {936--959},
  title = {{Effect of mass-ratio, damping, and stiffness on optimal hydrokinetic energy conversion of a single, rough cylinder in flow induced motions}},
  url = {http://www.sciencedirect.com/science/article/pii/S0960148116306206},
  volume = {99},
  year = {2016}
}

@article{Ma2016,
  author = {Ma, Chunhui and Sun, Hai and Nowakowski, Gary and Mauer, Erik and Bernitsas, Michael M.},
  doi = {10.1016/j.oceaneng.2016.10.020},
  isbn = {978-0-7918-5778-6},
  issn = {00298018},
  journal = {Ocean Engineering},
  title = {{Nonlinear piecewise restoring force in hydrokinetic power conversion using flow induced motions of single cylinder}},
  year = {2016}
}

@phdthesis{Raghavan2007,
  author = {Raghavan, Kamaldev},
  language = {English},
  pages = {1--344},
  school = {The University of Michigan},
  title = {{Energy Extraction from a Steady Flow Using Vortex Induced Vibration.}},
  type = {Doctoral Dissertation},
  url = {http://deepblue.lib.umich.edu/handle/2027.42/55687},
  year = {2007}
}

@phdthesis{Wu2011,
  author = {Wu, Wei},
  pages = {1--177},
  school = {The University of Michigan},
  title = {{Two-Dimensional RANS Simulation of Flow Induced Motion of Circular Cylinder with Passive Turbulence Control}},
  type = {Doctoral Dissertation},
  year = {2011}
}

@article{Ding2013,
  author = {Ding, Lin and Bernitsas, Michael M. and Kim, Eun Soo},
  doi = {10.1016/J.OCEANENG.2013.06.005},
  journal = {Ocean Engineering},
  month = {Nov},
  pages = {429--440},
  publisher = {Pergamon},
  title = {{2-D URANS vs. experiments of flow induced motions of two circular cylinders in tandem with passive turbulence control for 30,000}},
  url = {http://www.sciencedirect.com/science/article/pii/S0029801813002448?via{\%}3Dihub},
  volume = {72},
  year = {2013}
}

@article{Ding2019,
  author = {Ding, Wenjun and Sun, Hai and Xu, Wanhai and Bernitsas, Michael M.},
  doi = {10.1016/J.OCEANENG.2019.106215},
  journal = {Ocean Engineering},
  month = {Sep},
  pages = {106215},
  publisher = {Pergamon},
  title = {{Numerical investigation on interactive FIO of two-tandem cylinders for hydrokinetic energy harnessing}},
  url = {https://www.sciencedirect.com/science/article/pii/S0029801819304019},
  volume = {187},
  year = {2019}
}

@article{Richardson1927,
  author = {Richardson, Lewis F. and Gaunt, J. Arthur},
  doi = {https://doi.org/10.1098/rsta.1927.0008},
  issn = {1364-5021},
  journal = {Philosophical Transactions of the Royal Society A},
  title = {{The deferred approach to the limit}},
  year = {1927}
}

@article{Stern2001,
  author = {Stern, Fred and Wilson, Robert V and Coleman, Hugh W and Paterson, Eric G},
  journal = {Journal of fluids engineering},
  number = {4},
  pages = {793--802},
  publisher = {American Society of Mechanical Engineers},
  title = {{Comprehensive approach to verification and validation of CFD simulations�part 1: methodology and procedures}},
  volume = {123},
  year = {2001}
}

@article{MatAli2011,
  author = {{Mat Ali}, Mohamed Sukri and Doolan, Con J. and Wheatley, Vincent},
  doi = {10.1063/1.3563619},
  issn = {10706631},
  journal = {Physics of Fluids},
  number = {3},
  title = {{Low Reynolds number flow over a square cylinder with a splitter plate}},
  volume = {23},
  year = {2011}
}

@article{Ali2012,
  author = {Ali, Mohamed Sukri Mat and Doolan, Con J. and Wheatley, Vincent},
  doi = {10.1016/j.ijheatfluidflow.2012.03.011},
  issn = {0142727X},
  journal = {International Journal of Heat and Fluid Flow},
  pages = {133--141},
  publisher = {Elsevier Inc.},
  title = {{Low Reynolds number flow over a square cylinder with a detached flat plate}},
  url = {http://dx.doi.org/10.1016/j.ijheatfluidflow.2012.03.011},
  volume = {36},
  year = {2012}
}

@misc{Langley2018,
  author = {{Langley Research Centre}},
  title = {{Turbulence Modeling Resource}},
  url = {https://turbmodels.larc.nasa.gov/},
  year = {2018}
}

@inproceedings{koide2009novel,
  author = {Koide, Mizuyasu and Sekizaki, Takahiro and Yamada, Syuichi and Takahashi, Tsutomu and Shirakashi, Masataka},
  booktitle = {Proceedings of the ASME Pressure Vessels and Piping Division Conference, PVP2009-77487},
  title = {{A Novel Technique for Hydroelectricity Utilizing Vortex Induced Vibration}},
  year = {2009}
}

@article{Bernitsas2008a,
  author = {Bernitsas, Michael M.M. and Raghavan, Kamaldev and Ben-Simon, Y. and Garcia, E.M.H. M. H.},
  doi = {10.1115/1.2957913},
  issn = {08927219},
  journal = {Journal of Offshore Mechanics and Arctic Engineering},
  month = {Nov},
  number = {4},
  pages = {041101},
  publisher = {American Society of Mechanical Engineers},
  title = {{VIVACE (Vortex Induced Vibration Aquatic Clean Energy): A New Concept in Generation of Clean and Renewable Energy From Fluid Flow}},
  url = {http://www.scopus.com/record/display.url?eid=2-s2.0-56749179917{\&}origin=resultslist{\&}sort=plf-f{\&}src=s{\&}st1=A+new+concept+in+generation+of+clean+and+renewable+energy+from+fluid+flow{\&}sid=620865A71FAF26768C42655E1E8BC194.aXczxbyuHHiXgaIW6Ho7g:230{\&}sot=b{\&}sdt=b{\&} h},
  volume = {130},
  year = {2008}
}

@inproceedings{Bernitsas2008b,
  author = {Bernitsas, M.M. and Raghavan, K.},
  booktitle = {Proceedings of the International Conference on Offshore Mechanics and Arctic Engineering - OMAE},
  title = {{Reduction/suppression of VIV of circular cylinders through roughness distribution at $8 \times 10^{3} <$ Re $< 1.5 \times 10^{5}$}},
  volume = {5},
  year = {2008}
}

@article{Bernitsas2009,
  author = {Bernitsas, Michael M. and Ben-Simon, Y. and Raghavan, Kamaldev and Garcia, E. M. H.},
  doi = {10.1115/1.2979796},
  issn = {08927219},
  journal = {Journal of Offshore Mechanics and Arctic Engineering},
  number = {1},
  title = {{The VIVACE Converter: Model Tests at High Damping and Reynolds Number Around $10^{5}$}},
  url = {http://offshoremechanics.asmedigitalcollection.asme.org/article.aspx?articleid=1472649},
  volume = {131},
  year = {2009}
}

@article{Koide2006,
  author = {Koide, Mizuyasu and Ootani, Kazuki and Yamada, Shuichi and Takahashi, Tsutomu and Shirakashi, Masataka},
  journal = {JSME International Journal},
  number = {4},
  pages = {1043--1048},
  title = {{Vortex Excitation Caused by Longitudinal Vortices Shedding from Cruciform Cylinder System in Water Flow}},
  volume = {49},
  year = {2006}
}

@article{Koide2007,
  author = {Koide, Mizuyasu and Kato, Naoto and Yamada, Shuichi and Kawabata, Yusuke and Takahashi, Tsutomu and Shirakashi, Masataka},
  journal = {Journal of Computational and Applied Mechanics},
  number = {2},
  pages = {135--148},
  title = {{Influence Of A Cruciform Arrangement Downstream Strip-Plate On Crossflow Vibration}},
  volume = {8},
  year = {2007}
}

@article{Zhao2018a,
  author = {Zhao, Ming and Lu, Lin},
  doi = {10.1017/jfm.2018.380},
  issn = {0022-1120},
  journal = {Journal of Fluid Mechanics},
  keywords = {vortex dynamics,vortex flows},
  month = {Aug},
  pages = {1013--1039},
  publisher = {Cambridge University Press},
  title = {{Numerical simulation of flow past two circular cylinders in cruciform arrangement}},
  url = {https://www.cambridge.org/core/product/identifier/S0022112018003804/type/journal{\_}article},
  volume = {848},
  year = {2018}
}

@article{Shirakashi1989,
  author = {Shirakashi, M. and Mizuguchi, K. and Bae, H. M.},
  doi = {10.1016/S0889-9746(89)90150-3},
  issn = {10958622},
  journal = {Journal of Fluids and Structures},
  number = {6},
  pages = {595--607},
  title = {{Flow-induced excitation of an elastically-supported cylinder caused by another located downstream in cruciform arrangement}},
  volume = {3},
  year = {1989}
}

@inproceedings{Koide2009,
  author = {Koide, Mizuyasu and Sekizaki, Takahiro and Yamada, Syuichi and Takahashi, Tsutomu and Shirakashi, Masataka},
  booktitle = {Proceedings of the ASME Pressure Vessels and Piping Division Conference, PVP2009-77487},
  title = {{A Novel Technique for Hydroelectricity Utilizing Vortex Induced Vibration}},
  year = {2009}
}

@article{Wang2019,
  author = {Wang, Shuai and Wen, Fengbo and Shi, Xiao and Zhou, Xun},
  doi = {10.1063/1.5098111},
  issn = {10897666},
  journal = {Physics of Fluids},
  title = {{Stability analysis of asymmetric wakes}},
  year = {2019}
}

@article{Li2019,
  author = {Li, Xintao and Lyu, Zhen and Kou, Jiaqing and Zhang, Weiwei},
  doi = {10.1017/jfm.2019.160},
  issn = {0022-1120},
  journal = {Journal of Fluid Mechanics},
  month = {May},
  pages = {516--555},
  title = {{Mode competition in galloping of a square cylinder at low Reynolds number}},
  url = {https://www.cambridge.org/core/product/identifier/S0022112019001605/type/journal{\_}article},
  volume = {867},
  year = {2019}
}

@article{Blevins1990,
  author = {Blevins, Robert D},
  publisher = {New York, NY (USA); Van Nostrand Reinhold Co., Inc.},
  title = {{Flow-induced vibration}},
  year = {1990}
}

@article{Hemsuwan2018c,
  author = {Hemsuwan, Withun and Sakamoto, Kasumi and Nakada, Shota and Takahashi, Tsutomu},
  doi = {10.1016/J.JWEIA.2018.07.022},
  issn = {0167-6105},
  journal = {Journal of Wind Engineering and Industrial Aerodynamics},
  month = {Sep},
  pages = {213--230},
  publisher = {Elsevier},
  title = {{A longitudinal vortex wind turbine: Numerical study}},
  url = {https://www.sciencedirect.com/science/article/pii/S0167610518301612},
  volume = {180},
  year = {2018}
}

@article{Hemsuwan2018b,
  author = {Hemsuwan, Withun and Sakamoto, Kasumi and Takahashi, Tsutomu},
  doi = {10.1016/J.JFLUIDSTRUCTS.2018.09.010},
  issn = {0889-9746},
  journal = {Journal of Fluids and Structures},
  month = {Nov},
  pages = {448--470},
  publisher = {Academic Press},
  title = {{Numerical investigation of lift-force generation on a moving circular cylinder in a uniform flow driven by longitudinal vortex}},
  url = {https://www.sciencedirect.com/science/article/pii/S0889974617308885},
  volume = {83},
  year = {2018}
}

@article{Hemsuwan2018a,
  author = {Hemsuwan, Withun and Sakamoto, Kasumi and Nakada, Shota and Takahashi, Tsutomu},
  doi = {10.1016/J.JWEIA.2018.07.022},
  issn = {0167-6105},
  journal = {Journal of Wind Engineering and Industrial Aerodynamics},
  month = {Sep},
  pages = {213--230},
  publisher = {Elsevier},
  title = {{A longitudinal vortex wind turbine: Numerical study}},
  url = {https://www.sciencedirect.com/science/article/pii/S0167610518301612},
  volume = {180},
  year = {2018}
}

@article{Huang1998,
  author = {Huang, Norden E. and Shen, Zheng and Long, Steven R. and Wu, Manli C. and Snin, Hsing H. and Zheng, Quanan and Yen, Nai Chyuan and Tung, Chi Chao and Liu, Henry H.},
  doi = {10.1098/rspa.1998.0193},
  issn = {13645021},
  journal = {Proceedings of the Royal Society A: Mathematical, Physical and Engineering Sciences},
  keywords = {Empirical mode decomposition,Frequency-time spectrum,Hubert spectral analysis,Intrinsic time scale,Non-stationary time series,Nonlinear differential equations},
  title = {{The empirical mode decomposition and the Hubert spectrum for nonlinear and non-stationary time series analysis}},
  year = {1998}
}

@article{Wu2008,
  author = {Wu, Zhaohua and Huang, Norden E.},
  doi = {10.1142/s1793536909000047},
  issn = {1793-5369},
  journal = {Advances in Adaptive Data Analysis},
  title = {{Ensemble Empirical Mode Decomposition: A Noise-Assisted Data Analysis Method}},
  year = {2008}
}

@article{Khalak1999,
  author = {Khalak, A. and Williamson, C.H.K.},
  doi = {10.1006/jfls.1999.0236},
  issn = {08899746},
  journal = {Journal of Fluids and Structures},
  month = {Oct},
  number = {7-8},
  pages = {813--851},
  title = {{Motions, Forces And Mode Transitions In Vortex-Induced Vibrations At Low Mass-Damping}},
  url = {http://www.sciencedirect.com/science/article/pii/S0889974699902360},
  volume = {13},
  year = {1999}
}

@inproceedings{Gumelar2019,
  author = {Gumelar, Agustinus Bimo and Purnomo, Mauridhi Hery and Yuniarno, Eko Mulyanto and Sugiarto, Indar},
  booktitle = {2018 International Conference on Computer Engineering, Network and Intelligent Multimedia, CENIM 2018 - Proceeding},
  doi = {10.1109/CENIM.2018.8710943},
  title = {{Spectral Analysis of Familiar Human Voice Based On Hilbert-Huang Transform}},
  year = {2019}
}

@article{Zhou2019,
  author = {Zhou, Lingfeng and Meng, Yaobin and Abbaspour, Karim C.},
  doi = {10.1016/j.jhydrol.2019.05.047},
  issn = {00221694},
  journal = {Journal of Hydrology},
  title = {{A new framework for multi-site stochastic rainfall generator based on empirical orthogonal function analysis and Hilbert-Huang transform}},
  year = {2019}
}

@book{Huang2005,
  author = {Huang, Norden E. and Attoh-Okine, Nii O},
  publisher = {CRC Press},
  title = {{The Hilbert-Huang transform in engineering}},
  year = {2005}
}

@book{Huang2014,
  author = {Huang, Norden E.},
  publisher = {World Scientific},
  title = {{Hilbert-Huang transform and its applications}},
  volume = {16},
  year = {2014}
}

